@article{Andreessen2001,
	author = 	"Marc Andreessen",
	title =		"Why Software Is Eating The World",
	year =		"2011",
    month =     "August",
	journal =	"The Wall Street Journal",
	note =		"\url{http://goo.gl/MXk4TS} accessed 31-Mar-2014",
	url = {http://online.wsj.com/news/articles/SB10001424053111903480904576512250915629460}
}
@INPROCEEDINGS{Antolic2008,
    author={ Antoli\'{c}, \v{Z} },
    title={An Example of Using Key Performance Indicators for Software Development Process Efficiency Evaluation},
    booktitle={MIPRO 2008: 31st International Convention on Information and Communication Technology, Electronics and Microelectronics, May 26-30, 2008, Opatija Croatia. Microelectronics, electronics and electronic technologies, MEET.. Grid and visualization systems, GVS},
    editor={Biljanovi{\'c}, P. and Skala, K. and Grid and Visualization Systems},
    volume={1},
    isbn={9789532330366},
    year={2008},
    publisher={MIPRO}
    url={http://www.ericsson.com/hr/etk/dogadjanja/mipro_2008/1220.pdf}
}
@misc{Beck2001,
    added-at = {2014-10-27T11:39:05.000+0100},
    author = {Beck, Kent and Beedle, Mike and van Bennekum, Arie and Cockburn, Alistair and Cunningham, Ward and Fowler, Martin and Grenning, James and Highsmith, Jim and Hunt, Andrew and Jeffries, Ron and Kern, Jon and Marick, Brian and Martin, Robert C. and Mellor, Steve and Schwaber, Ken and Sutherland, Jeff and Thomas, Dave},
    biburl = {http://www.bibsonomy.org/bibtex/28954248a545d88dd2c0e688d1c7e2f9d/juve},
    booktitle = {Manifesto for Agile Software Development},
    description = {Manifesto for Agile Software Development},
    interhash = {098cc7e185f10c3da390459a01e0d535},
    intrahash = {8954248a545d88dd2c0e688d1c7e2f9d},
    keywords = {imported},
    timestamp = {2014-10-27T11:39:05.000+0100},
    title = {Manifesto for Agile Software Development},
    url = {http://www.agilemanifesto.org/},
    year = 2001
}
@inproceedings{Benington1987,
    author = {Benington, H. D.},
    title = {Production of Large Computer Programs},
    booktitle = {Proceedings of the 9th International Conference on Software Engineering},
    series = {ICSE '87},
    year = {1987},
    isbn = {0-89791-216-0},
    location = {Monterey, California, USA},
    pages = {299--310},
    numpages = {12},
    url = {http://dl.acm.org/citation.cfm?id=41765.41799},
    acmid = {41799},
    publisher = {IEEE Computer Society Press},
    address = {Los Alamitos, CA, USA},
}
@book{Boehm1981,
    author = {Boehm, Barry W.},
    title = {Software Engineering Economics},
    year = {1981},
    isbn = {0138221227},
    edition = {1st},
    publisher = {Prentice Hall PTR},
    address = {Upper Saddle River, NJ, USA},
} 
@article{Boehm1986,
    author = {Boehm, B},
    title = {A Spiral Model of Software Development and Enhancement},
    journal = {SIGSOFT Softw. Eng. Notes},
    issue_date = {August 1986},
    volume = {11},
    number = {4},
    month = aug,
    year = {1986},
    issn = {0163-5948},
    pages = {14--24},
    numpages = {11},
    url = {http://doi.acm.org/10.1145/12944.12948},
    doi = {10.1145/12944.12948},
    acmid = {12948},
    publisher = {ACM},
    address = {New York, NY, USA},
} 
@ARTICLE{Boehm1988,
    author={Boehm, B.W.},
    journal={Computer},
    title={A spiral model of software development and enhancement},
    year={1988},
    month={May},
    volume={21},
    number={5},
    pages={61-72},
    keywords={software engineering;enhancement;risk-driven approach;software development;software process models;spiral model;Application software;Military computing;Navigation;Productivity;Programming;Prototypes;Software prototyping;Spirals;Testing},
    doi={10.1109/2.59},
    ISSN={0018-9162},
}
@techreport{Boehm2000,
    author    = "Boehm, Barry and Hansen, Wilfred J.",
    title     = "Spiral Development: Experience, Principles, and Refinements",
    institution = "Carnegie Mellon Software Engineering Institute",
    year      = "2000",
    month    = "July",
    note     = " Special Report CMU/SEI-2000-SR-008",
}
@book{Boehm2000b,
    author = {Boehm, Barry W. and Clark and Horowitz and Brown and Reifer and Chulani and Madachy, Ray and Steece, Bert},
    title = {Software Cost Estimation with Cocomo II with Cdrom},
    year = {2000},
    isbn = {0130266922},
    edition = {1st},
    publisher = {Prentice Hall PTR},
    address = {Upper Saddle River, NJ, USA},
} 
@inproceedings{Buse2010,
    author = {Buse, Raymond P.L. and Zimmermann, Thomas},
    title = {Analytics for Software Development},
    booktitle = {Proceedings of the FSE/SDP Workshop on Future of Software Engineering Research},
    series = {FoSER '10},
    year = {2010},
    isbn = {978-1-4503-0427-6},
    location = {Santa Fe, New Mexico, USA},
    pages = {77--80},
    numpages = {4},
    url = {http://research.microsoft.com/pubs/136301/MSR-TR-2010-111.pdf},
    doi = {10.1145/1882362.1882379},
    acmid = {1882379},
    publisher = {ACM},
    address = {New York, NY, USA},
    keywords = {analytics, project management},
} 
@inproceedings{Buse2012,
    author = {Buse, Raymond P. L. and Zimmermann, Thomas},
    title = {Information Needs for Software Development Analytics},
    booktitle = {Proceedings of the 34th International Conference on Software Engineering},
    series = {ICSE '12},
    year = {2012},
    isbn = {978-1-4673-1067-3},
    location = {Zurich, Switzerland},
    pages = {987--996},
    numpages = {10},
    url = {http://dl.acm.org/citation.cfm?id=2337223.2337343},
    acmid = {2337343},
    publisher = {IEEE Press},
    address = {Piscataway, NJ, USA},
} 
@unpublished{Cervone2014,
    author={Dan Cervone and Alexander D'Amour and Luke Bornn and Kirk Goldsberry},
    title={POINTWISE: Predicting Points and Valuing Decisions in Real Time with NBA Optical Tracking Data},
    note={MIT Sloan Sports Analytics Conference \url{http://goo.gl/Rsbds1} accessed 26-Mar-2014},
    month={February},
    year={2014}
}
@techreport{CMMI,
    author = { {CMMI Product Team} },
    title = { {CMMI for Development, Version 1.3} },
    institution = {Carnegie Mellon Software Engineering Institute (SEI)},
    month = {November},
    year = {2010},
    address = {\url{http://goo.gl/MBESq0} }
}
@inproceedings{Dubois2013,
    title={Understanding gamification mechanisms for software development},
    author={Dubois, Daniel J and Tamburrelli, Giordano},
    booktitle={Proceedings of the 2013 9th Joint Meeting on Foundations of Software Engineering},
    pages={659--662},
    year={2013},
    organization={ACM}
}
@article{DeMarco2009,
    author = {DeMarco, Tom},
    title = {Software Engineering: An Idea Whose Time Has Come and Gone?},
    journal = {IEEE Software},
    issue_date = {July 2009},
    volume = {26},
    number = {4},
    month = July,
    year = {2009},
    issn = {0740-7459},
    pages = {96--96},
    numpages = {1},
    url = {http://dx.doi.org/10.1109/MS.2009.101},
    doi = {10.1109/MS.2009.101},
    acmid = {1592148},
    publisher = {IEEE Computer Society Press},
    address = {Los Alamitos, CA, USA},
    keywords = {budget and schedule, control, metrics, project management, software engineering, software engineering, metrics, control, project management, budget and schedule},
}
@article{Ebert1999,
    author = {Ebert, Christof and Liedtke, Thomas and Baisch, Ekkehard},
    title = {Improving Reliability of Large Software Systems},
    journal = {Ann. Softw. Eng.},
    issue_date = {1999},
    volume = {8},
    number = {1-4},
    month = aug,
    year = {1999},
    issn = {1022-7091},
    pages = {3--51},
    numpages = {49},
    url = {http://dx.doi.org/10.1023/A:1018971212809},
    doi = {10.1023/A:1018971212809},
    acmid = {590673},
    publisher = {J. C. Baltzer AG, Science Publishers},
    address = {Red Bank, NJ, USA},
} 
@book{Florac1999,
    author =	"William A. Florac and Anita D. Carleton",
    title =		"Measuring the Software Process",
    address =	"Boston",
    publisher =	"Addison Wesley",
    year =		"1999"
}
@ARTICLE{Giardino2014,
    author={Giardino, C. and Unterkalmsteiner, M. and Paternoster, N. and Gorschek, T. and Abrahamsson, P.},
    journal={Software, IEEE},
    title={What Do We Know about Software Development in Startups?},
    year={2014},
    month={Sept},
    volume={31},
    number={5},
    pages={28-32},
    keywords={software development management;Dropbox;Facebook;Linkedin;Spotify;Supercell;WhatsApp;software development startup practices;Commercialization;Companies;Market research;Software development;Software engineering;software development;software engineering;startups;systematic mapping study},
    doi={10.1109/MS.2014.129},
    ISSN={0740-7459}
}
@misc{Godfrey,
    author = {Sally Godfrey},
    title = {Characteristics of Capability Maturity Model},
    howpublished = { via Wikimedia Commons \url{http://goo.gl/MpNx9b} accessed 12-22-2014 },
    month = {October},
    year = {2011}
}
@inproceedings{Goel1997,
    author = {Goel, Amrit L. and Shin, Miyoung},
    title = {Software Engineering Data Analysis Techniques (Tutorial)},
    booktitle = {Proceedings of the 19th International Conference on Software Engineering},
    series = {ICSE '97},
    year = {1997},
    isbn = {0-89791-914-9},
    location = {Boston, Massachusetts, USA},
    pages = {667--668},
    numpages = {2},
    url = {http://doi.acm.org/10.1145/253228.253816},
    doi = {10.1145/253228.253816},
    acmid = {253816},
    publisher = {ACM},
    address = {New York, NY, USA},
    keywords = {KDD, NHPP, classification trees, data mining, neural networks, radial basis functions, regression modeling, software metrics, software reliability, statistical analysis},
} 
@article{Halkidi2011,
    author = {Halkidi, M. and Spinellis, D. and Tsatsaronis, G. and Vazirgiannis, M.},
    title = {Data Mining in Software Engineering},
    journal = {Intell. Data Anal.},
    issue_date = {August 2011},
    volume = {15},
    number = {3},
    month = aug,
    year = {2011},
    issn = {1088-467X},
    pages = {413--441},
    numpages = {29},
    url = {http://dl.acm.org/citation.cfm?id=2010978.2010987},
    acmid = {2010987},
    publisher = {IOS Press},
    address = {Amsterdam, The Netherlands, The Netherlands},
    keywords = {Data mining techniques, KDD methods, mining software engineering data},
} 
@book{Halstead1977,
    author = {Halstead, Maurice H.},
    title = {Elements of Software Science (Operating and Programming Systems Series)},
    year = {1977},
    isbn = {0444002057},
    publisher = {Elsevier Science Inc.},
    address = {New York, NY, USA},
} 
@inproceedings{Hassan2010,
    author = {Hassan, Ahmed E. and Xie, Tao},
    title = {Software Intelligence: The Future of Mining Software Engineering Data},
    booktitle = {Proceedings of the FSE/SDP Workshop on Future of Software Engineering Research},
    series = {FoSER '10},
    year = {2010},
    isbn = {978-1-4503-0427-6},
    location = {Santa Fe, New Mexico, USA},
    pages = {161--166},
    numpages = {6},
    url = {http://doi.acm.org/10.1145/1882362.1882397},
    doi = {10.1145/1882362.1882397},
    acmid = {1882397},
    publisher = {ACM},
    address = {New York, NY, USA},
    keywords = {mining software engineering data, mining software repositories, software intelligence},
} 


@article{Hassan2013,
    author = {Hassan, Ahmed E. and Hindle, Abram and Runeson, Per and Shepperd, Martin and Devanbu, Prem and Kim, Sunghun},
    title = {Roundtable: What's Next in Software Analytics},
    journal = {IEEE Softw.},
    issue_date = {July 2013},
    volume = {30},
    number = {4},
    month = jul,
    year = {2013},
    issn = {0740-7459},
    pages = {53--56},
    numpages = {4},
    url = {http://dx.doi.org/10.1109/MS.2013.85},
    doi = {10.1109/MS.2013.85},
    acmid = {2553363},
    publisher = {IEEE Computer Society Press},
    address = {Los Alamitos, CA, USA},
    keywords = {Software development,Data mining,Software engineering,Analytical models,Natural language processing,Analytical models,decision support,software/program verification,statistical methods,testing and debugging,metrics,management,information search and retrieval},
} 
@book{Hibbs2009,
    author = {Hibbs, Curt and Jewett, Steve and Sullivan, Mike},
    title = {The Art of Lean Software Development: A Practical and Incremental Approach},
    year = {2009},
    isbn = {0596517319, 9780596517311},
    edition = {1st},
    publisher = {O'Reilly Media, Inc.},
} 
@book{hubbard2010,
    title={How to Measure Anything: Finding the Value of Intangibles in Business},
    author={Hubbard, D.W.},
    isbn={9780470625699},
    url={http://books.google.com/books?id=CBAh4eM-g3AC},
    year={2010},
    publisher={Wiley}
}
@ARTICLE{Ieee1990,
    journal={{IEEE Std 610.12-1990}},
    title={{IEEE Standard Glossary of Software Engineering Terminology}},
    year={1990},
    month={Dec},
    pages={1-84},
    keywords={glossaries;software engineering;standards;IEEE Std 610.12-1990;software engineering terminology;standard glossary;Software engineering;Standards;Terminology;Definitions;Software engineering;dictionary;glossary;terminology},
    doi={10.1109/IEEESTD.1990.101064}
}
@article{Jacobson2014,
    author = {Jacobson, Ivar and Seidewitz, Ed},
    title = {A New Software Engineering},
    journal = {Commun. ACM},
    issue_date = {December 2014},
    volume = {57},
    number = {12},
    month = nov,
    year = {2014},
    issn = {0001-0782},
    pages = {49--54},
    numpages = {6},
    url = {http://doi.acm.org/10.1145/2677034},
    doi = {10.1145/2677034},
    acmid = {2677034},
    publisher = {ACM},
    address = {New York, NY, USA},
} 
@book{Jones1996,
    author = {Jones, Capers},
    title = {Applied Software Measurement (2Nd Ed.): Assuring Productivity and Quality},
    year = {1997},
    isbn = {0-07-032826-9},
    publisher = {McGraw-Hill, Inc.},
    address = {Hightstown, NJ, USA},
} 
@misc{Jones2012,
    author= {Jones, Capers},
    year = {2012},
    month = {June},
    title = {SCORING AND EVALUATING SOFTWARE METHODS, PRACTICES, AND RESULTS},
    howpublished = {\url{http://goo.gl/3i06pN}},
    note = {Namecook Analytics Blog, accessed 22-Mar-2014  }
}
@book{Jones2009,
    author = {Jones, Capers},
    title = {Software Engineering Best Practices},
    year = {2010},
    isbn = {007162161X, 9780071621618},
    edition = {1},
    publisher = {McGraw-Hill, Inc.},
    address = {New York, NY, USA},
} 
@ARTICLE{Jorgensen2014,
    author={Jorgensen, M.},
    journal={Software, IEEE},
    title={What We Do and Don't Know about Software Development Effort Estimation},
    year={2014},
    month={Mar},
    volume={31},
    number={2},
    pages={37-40},
    keywords={software cost estimation;cost overruns;software development effort estimation;unrealistic project plans;Context modeling;Costs;Estimation;Productivity;Software developmnet;combination of estimates;cost estimation;estimation models;expert estimation;software productivity},
    doi={10.1109/MS.2014.49},
    ISSN={0740-7459}
}
@inproceedings{Kaner2004,
    title={Software engineering metrics: What do they measure and how do we know?},
    author={Kaner, Cem and Bond, Walter P},
    booktitle={METRICS 2004},
    organization={{IEEE CS Press}},
    year={2004}
}
@article{Kaplan1992,
	author = 	"Robert S. Kaplan and David P. Norton",
	title =		"The Balanced Scorecard: Measures That Drive Performance",
	year =		"1992",
    month =     "January-February",
	journal =	"Harvard Business Review",
	pages =		"71-80"
}
@book{Lee2003,
    author = {Lee, Jonathan},
    title = {Software Engineering with Computational Intelligence},
    year = {2003},
    isbn = {3540004726},
    publisher = {Springer-Verlag New York, Inc.},
    address = {Secaucus, NJ, USA},
} 

@inproceedings{Letier2013,
    title={Measure What Counts: An Evaluation Pattern for Software Data Analysis},
    author={Letier, Emmanuel and Fitzgerald, Camilo},
    booktitle={Data Analysis Patterns in Software Engineering (DAPSE), 2013 1st International Workshop on},
    pages={20--22},
    year={2013},
    organization={IEEE}
}
@article{Maheshwari2012,
    author = { Maheshwari, Shikha and Jain, Dinesh Ch.},
    title = {A Comparative Analysis of Different types of Models in Software Development Life Cycle},
    journal = {International Journal of Advanced Research in Computer Science and Software Engineering},
    issue_date = {May 2012},
    volume = {2},
    number = {5},
    month = may,
    year = {2012},
    issn = {2277-128X},
    pages = {285--290},
    numpages = {6},
    keywords = {SDLC, spiral, waterfall},
} 
@inproceedings{Marcus2010,
    author = {Marcus, Andrian and Menzies, Timothy},
    title = {Software is Data Too},
    booktitle = {Proceedings of the FSE/SDP Workshop on Future of Software Engineering Research},
    series = {FoSER '10},
    year = {2010},
    isbn = {978-1-4503-0427-6},
    location = {Santa Fe, New Mexico, USA},
    pages = {229--232},
    numpages = {4},
    url = {http://doi.acm.org/10.1145/1882362.1882410},
    doi = {10.1145/1882362.1882410},
    acmid = {1882410},
    publisher = {ACM},
    address = {New York, NY, USA},
    keywords = {data mining, empirical research, information retrieval, machine learning, software engineering, statistical analysis},
} 

@ARTICLE{McCabe1976, 
    author={McCabe, T.J.}, 
    journal={IEEE Transactions on Software Engineering}, 
    title={A Complexity Measure}, 
    year={1976}, 
    month={Dec}, 
    volume={SE-2}, 
    number={4}, 
    pages={308-320}, 
    doi={10.1109/TSE.1976.233837}, 
    ISSN={0098-5589},
}
@INPROCEEDINGS{Menzies2012, 
    author={Menzies, T. and Zimmermann, T.}, 
    booktitle={Software Engineering (ICSE), 2012 34th International Conference on}, 
    title={Goldfish bowl panel: Software development analytics}, 
    year={2012}, 
    month={June}, 
    pages={1032-1033}
}
@article{Miguel2014,
    author={Jos\'{i} P. Miguel and David Mauricio and Glen Rodr\'{i}guez}, 
    journal={International Journal of Software Engineering \& Applications (IJSEA)}, 
    title={A REVIEW OF SOFTWARE QUALITY MODELS FOR THE EVALUATION OF SOFTWARE PRODUCTS }, 
    year={2014}, 
    month={Nov}, 
    volume={5}, 
    number={6}, 
    pages={31-54}, 
    note={\url{http://www.airccse.org/journal/ijsea/papers/5614ijsea03.pdf}},
}
@article{Moniruzzaman2013,
    author    = {A. B. M. Moniruzzaman and
               Syed Akhter Hossain},
    title     = {Comparative Study on Agile software development methodologies},
    journal   = {Global Journal of Computer Science and Technology},
    year      = {2013},
    volume    = {13},
    number    = {7},
    url       = {http://arxiv.org/abs/1307.3356},
    timestamp = {Mon, 27 Oct 2014 23:50:25 +0100},
    biburl    = {http://dblp.uni-trier.de/rec/bib/journals/corr/MoniruzzamanH13a},
    bibsource = {dblp computer science bibliography, http://dblp.org}
}
@book{Naur1969,
    editor = {Naur, Peter and Randell, Brian},
    title = {Software Engineering: Report of a Conference Sponsored by the NATO Science Committee, Garmisch, Germany, 7-11 Oct. 1968, Brussels, Scientific Affairs Division, NATO},
    year = {1969},
    note = {\url{http://homepages.cs.ncl.ac.uk/brian.randell/NATO/nato1968.PDF}},
} 

@book{Parmenter2010,
	author =	"David Parmenter",
	title =		"Key Performance Indicators: developing, implementing, and using winning KPIs",
	address =	"Hoboken, New Jersey",
	publisher =	"John Wiley and Sons, Inc.",
	year =		"2010"
}
@ONLINE{promise12,
     title  = "The PROMISE Repository of empirical software engineering data",
     month  = "June",
     year   = "2012",
     url    = "http://promisedata.googlecode.com",
     author = "Tim Menzies and 
               Bora Caglayan and 
               Zhimin He and 
               Ekrem Kocaguneli and 
               Joe Krall and 
               Fayola Peters and 
               Burak Turhan
              "
 }
@book{Putnam2013,
	author =	"Lawrence H. Putnam and Ware Myers",
	title =		"Five Core Metrics: the Intelligence Behind Successful Software Management",
	address =	"New York, New York",
	publisher =	"Addison-Wesley Professional",
	year =		"2013"
	month =     "July"
}
@inproceedings{Royce1987,
    author = {Royce, W. W.},
    title = {Managing the Development of Large Software Systems: Concepts and Techniques},
    booktitle = {Proceedings of the 9th International Conference on Software Engineering},
    series = {ICSE '87},
    year = {1987},
    isbn = {0-89791-216-0},
    location = {Monterey, California, USA},
    pages = {328--338},
    numpages = {11},
    url = {http://dl.acm.org/citation.cfm?id=41765.41801},
    acmid = {41801},
    publisher = {IEEE Computer Society Press},
    address = {Los Alamitos, CA, USA},
} 
@inproceedings{Rubin2007,
    author = {Rubin, Vladimir and G\"{u}nther, Christian W. and Van Der Aalst, Wil M. P. and Kindler, Ekkart and Van Dongen, Boudewijn F. and Sch\"{a}fer, Wilhelm},
    title = {Process Mining Framework for Software Processes},
    booktitle = {Proceedings of the 2007 International Conference on Software Process},
    series = {ICSP'07},
    year = {2007},
    isbn = {978-3-540-72425-4},
    location = {Minneapolis, MN, USA},
    pages = {169--181},
    numpages = {13},
    url = {http://dl.acm.org/citation.cfm?id=1763239.1763258},
    acmid = {1763258},
    publisher = {Springer-Verlag},
    address = {Berlin, Heidelberg},
    keywords = {software process mining and management},
} 
@incollection{Ruhe1997,
    year={1997},
    isbn={978-3-540-63223-8},
    booktitle={Principles of Data Mining and Knowledge Discovery},
    volume={1263},
    series={Lecture Notes in Computer Science},
    editor={Komorowski, Jan and Zytkow, Jan},
    doi={10.1007/3-540-63223-9_116},
    title={Knowledge discovery from software engineering data: Rough set analysis and its interaction with goal-oriented measurement},
    url={http://dx.doi.org/10.1007/3-540-63223-9_116},
    publisher={Springer Berlin Heidelberg},
    author={Ruhe, Günther and Gesellschaft, Fraunhofer},
    pages={167-177},
    language={English}
}
@article{Ruparelia2010,
    author = {Ruparelia, Nayan B.},
    title = {Software Development Lifecycle Models},
    journal = {SIGSOFT Softw. Eng. Notes},
    issue_date = {May 2010},
    volume = {35},
    number = {3},
    month = may,
    year = {2010},
    issn = {0163-5948},
    pages = {8--13},
    numpages = {6},
    url = {http://doi.acm.org/10.1145/1764810.1764814},
    doi = {10.1145/1764810.1764814},
    acmid = {1764814},
    publisher = {ACM},
    address = {New York, NY, USA},
    keywords = {B-model, RAD, SDLC, SEN history column, Vmodel, incremental, spiral, unified, waterfall, wheel-and-spoke},
} 
@article{Saltelli2000,
    author = {A. Saltelli and S. Tarantola and F. Campolongo},
    title = {Sensitivity Analysis as an Ingredient of Modeling},
    journal = {Statistical Software},
    issue_date = {September 2013},
    volume = {15},
    number = {4},
    year = {2000},
    pages = {377-395},
    numpages = {19},
    url = {projecteuclid.org/euclid.ss/1009213004}
} 
@book{Sommerville2001,
    author =	"Iam Sommerville",
	title =		"Software Engineering",
	address =	"Harlow, England",
	publisher =	"Addison-Wesley",
	year =		"2001",
	edition = 6
}
@mastersthesis{Snipes2013,
    title={Evaluating Developer Responses to Gamification of Software Development Practices.},
    author={Snipes, William Baylor},
    year={2013},
    school={North Carolina State University},
    url={http://repository.lib.ncsu.edu/ir/handle/1840.16/9199}
}
@article{Taylor2010,
    author = {Taylor, Quinn and Giraud\&\#45;Carrier, Christophe},
    title = {Applications of Data Mining in Software Engineering},
    journal = {Int. J. Data Anal. Tech. Strateg.},
    issue_date = {July 2010},
    volume = {2},
    number = {3},
    month = jul,
    year = {2010},
    issn = {1755-8050},
    pages = {243--257},
    numpages = {15},
    url = {http://dx.doi.org/10.1504/IJDATS.2010.034058},
    doi = {10.1504/IJDATS.2010.034058},
    acmid = {1833480},
    publisher = {Inderscience Publishers},
    address = {Inderscience Publishers, Geneva, SWITZERLAND},
    keywords = {applications, data mining, software engineering},
} 
@inproceedings{Tosi2012,
    author = {Tosi, Davide and Lavazza, Luigi and Morasca, Sandro and Taibi, Davide},
    title = {On the Definition of Dynamic Software Measures},
    booktitle = {Proceedings of the ACM-IEEE International Symposium on Empirical Software Engineering and Measurement},
    series = {ESEM '12},
    year = {2012},
    isbn = {978-1-4503-1056-7},
    location = {Lund, Sweden},
    pages = {39--48},
    numpages = {10},
    url = {http://doi.acm.org/10.1145/2372251.2372259},
    doi = {10.1145/2372251.2372259},
    acmid = {2372259},
    publisher = {ACM},
    address = {New York, NY, USA},
    keywords = {code coverage, dynamic coupling, dynamic measures, dynamic size},
} 
@book{Tsui2013,
    title={Essentials of software engineering},
    author={Tsui, Frank F},
    year={2013},
    edition={3rd},
    publisher={Jones \& Bartlett Publishers}
}
@article{vanderAalst2012,
    author = {van der Aalst, Wil},
    title = {Process Mining: Overview and Opportunities},
    journal = {ACM Trans. Manage. Inf. Syst.},
    issue_date = {July 2012},
    volume = {3},
    number = {2},
    month = jul,
    year = {2012},
    issn = {2158-656X},
    pages = {7:1--7:17},
    articleno = {7},
    numpages = {17},
    url = {http://doi.acm.org/10.1145/2229156.2229157},
    doi = {10.1145/2229156.2229157},
    acmid = {2229157},
    publisher = {ACM},
    address = {New York, NY, USA},
    keywords = {Process mining, business intelligence, business process management, data mining},
} 
@INPROCEEDINGS{Winter2013,
    author={Winter, V. and Reinke, C. and Guerrero, J.},
    booktitle={Emerging Trends in Software Metrics (WETSoM), 2013 4th International Workshop on},
    title={Sextant: A tool to specify and visualize software metrics for Java source-code},
    year={2013},
    month={May},
    pages={49-55},
    keywords={Java;data visualisation;software metrics;software tools;Java source-code;Sextant;domain-specific metric;even application specific metric;metrics-related information;software development;software metrics;Color;Complexity theory;Java;Software;Software metrics;Java;Sextant;program transformation;software metrics;software visualization;source code analysis},
    doi={10.1109/WETSoM.2013.6619336},
    ISSN={2327-0950},
}
@article{Xie2009,
    author = {Tao Xie and Suresh Thummalapenta and David Lo and Chao Liu},
    title = {Data Mining for Software Engineering},
    journal ={Computer},
    volume = {42},
    number = {8},
    issn = {0018-9162},
    year = {2009},
    pages = {55-62},
    doi = {http://doi.ieeecomputersociety.org/10.1109/MC.2009.256},
    publisher = {IEEE Computer Society},
    address = {Los Alamitos, CA, USA},
}
@inproceedings{Zhang2011,
    author = {Zhang, Dongmei and Dang, Yingnong and Lou, Jian-Guang and Han, Shi and Zhang, Haidong and Xie, Tao},
    title = {Software Analytics As a Learning Case in Practice: Approaches and Experiences},
    booktitle = {Proceedings of the International Workshop on Machine Learning Technologies in Software Engineering},
    series = {MALETS '11},
    year = {2011},
    isbn = {978-1-4503-1022-2},
    location = {Lawrence, Kansas, USA},
    pages = {55--58},
    numpages = {4},
    url = {http://doi.acm.org/10.1145/2070821.2070829},
    doi = {10.1145/2070821.2070829},
    acmid = {2070829},
    publisher = {ACM},
    address = {New York, NY, USA},
    keywords = {machine learning, software analytics, technology transfer},
} 
@article{Zhang2013,
    author = {Zhang, Dongmei and Han, Shi and Dang, Yingnong and Lou, Jian-Guang and Zhang, Haidong and Xie, Tao},
    title = {Software Analytics in Practice},
    journal = {IEEE Softw.},
    issue_date = {September 2013},
    volume = {30},
    number = {5},
    month = sep,
    year = {2013},
    issn = {0740-7459},
    pages = {30--37},
    numpages = {8},
    url = {http://dx.doi.org/10.1109/MS.2013.94},
    doi = {10.1109/MS.2013.94},
    acmid = {2553380},
    publisher = {IEEE Computer Society Press},
    address = {Los Alamitos, CA, USA},
    keywords = {Algorithm design and analysis,Software systems,Data mining,Performance analysis,Debugging,Software analytics,Software engineering,software engineering,software analytics,mining software repositories,technology transfer,StackMine,data exploration,software artifacts,insightful information,actionable information},
} 



 









